<?xml version="1.0" encoding="UTF-8"?><record xmlns="http://www.loc.gov/MARC21/slim" xmlns:cinclude="http://apache.org/cocoon/include/1.0" xmlns:zs="http://www.loc.gov/zing/srw/">
  <leader>00624nz  a2200145n  4500</leader>
  <controlfield tag="001">n 2015057581</controlfield>
  <controlfield tag="003">DLC</controlfield>
  <controlfield tag="005">20150924093422.0</controlfield>
  <controlfield tag="008">150924n| azannaabn          |b aaa      </controlfield>
  <datafield tag="010" ind1=" " ind2=" ">
    <subfield code="a">n 2015057581</subfield>
  </datafield>
  <datafield tag="040" ind1=" " ind2=" ">
    <subfield code="a">DLC</subfield>
    <subfield code="b">eng</subfield>
    <subfield code="c">DLC</subfield>
    <subfield code="e">rda</subfield>
  </datafield>
  <datafield tag="100" ind1="1" ind2=" ">
    <subfield code="a">ʻAbd al-Ḥāfiz, ʻAbd al-Wahhāb</subfield>
  </datafield>
  <datafield tag="400" ind1="1" ind2=" ">
    <subfield code="a">عبد الحافظ، عبد الوهاب.</subfield>
  </datafield>
  <datafield tag="667" ind1=" " ind2=" ">
    <subfield code="a">Non-Latin script reference not evaluated</subfield>
  </datafield>
  <datafield tag="670" ind1=" " ind2=" ">
    <subfield code="a">Muʼtamar Ḥaqq al-Difāʻ, 20-22 Abrīl 1996, 1996:</subfield>
    <subfield code="b">t.p. (عبد الوهاب عبد الحافظ = Ustādh al-Duktūr ʻAbd al-Wahhāb ʻAbd al-Ḥātiẓ, raʼīs al-Jāmiʻah; president of Ayn Shams University)</subfield>
  </datafield>
</record>